@article{Altman,
 ISSN = {00221082, 15406261},
 URL = {http://www.jstor.org/stable/2978933},
 author = {Edward I. Altman},
 journal = {The Journal of Finance},
 number = {4},
 pages = {589--609},
 publisher = {[American Finance Association, Wiley]},
 title = {Financial Ratios, Discriminant Analysis and the Prediction of Corporate Bankruptcy},
 volume = {23},
 year = {1968}
}


@article{lin2011machine,
  title={Machine learning in financial crisis prediction: a survey},
  author={Lin, Wei-Yang and Hu, Ya-Han and Tsai, Chih-Fong},
  journal={IEEE Transactions on Systems, Man, and Cybernetics, Part C (Applications and Reviews)},
  volume={42},
  number={4},
  pages={421--436},
  year={2011},
  publisher={IEEE}
}


@article{ohlson1980financial,
  title={Financial ratios and the probabilistic prediction of bankruptcy},
  author={Ohlson, James A},
  journal={Journal of accounting research},
  pages={109--131},
  year={1980},
  publisher={JSTOR}
}

@article{begley1996bankruptcy,
  title={Bankruptcy classification errors in the 1980s: An empirical analysis of Altman's and Ohlson's models},
  author={Begley, Joy and Ming, Jin and Watts, Susan},
  journal={Review of accounting Studies},
  volume={1},
  number={4},
  pages={267--284},
  year={1996},
  publisher={Springer}
}

@article{alaka2018systematic,
  title={Systematic review of bankruptcy prediction models: Towards a framework for tool selection},
  author={Alaka, Hafiz A and Oyedele, Lukumon O and Owolabi, Hakeem A and Kumar, Vikas and Ajayi, Saheed O and Akinade, Olugbenga O and Bilal, Muhammad},
  journal={Expert Systems with Applications},
  volume={94},
  pages={164--184},
  year={2018},
  publisher={Elsevier}
}

@article{lessmann2015benchmarking,
  title={Benchmarking state-of-the-art classification algorithms for credit scoring: An update of research},
  author={Lessmann, Stefan and Baesens, Bart and Seow, Hsin-Vonn and Thomas, Lyn C},
  journal={European Journal of Operational Research},
  volume={247},
  number={1},
  pages={124--136},
  year={2015},
  publisher={Elsevier}
}

@article{barboza2017machine,
  title={Machine learning models and bankruptcy prediction},
  author={Barboza, Flavio and Kimura, Herbert and Altman, Edward},
  journal={Expert Systems with Applications},
  volume={83},
  pages={405--417},
  year={2017},
  publisher={Elsevier}
}
@article{shumway2001forecasting,
  title={Forecasting bankruptcy more accurately: A simple hazard model},
  author={Shumway, Tyler},
  journal={The journal of business},
  volume={74},
  number={1},
  pages={101--124},
  year={2001},
  publisher={JSTOR}
}

@article{mbat2013corporate,
  title={Corporate failure: causes and remedies},
  author={Mbat, David O and Eyo, Eyo I},
  journal={Business and Management Research},
  volume={2},
  number={4},
  pages={19--24},
  year={2013}
}
@techreport{jones2008advances,
  title={Advances in credit risk modelling and corporate bankruptcy prediction},
  author={Jones, Stewart and Hensher, David},
  year={2008},
  institution={Cambridge University Press}
}

@article{zhou2014bankruptcy,
  title={Bankruptcy prediction using SVM models with a new approach to combine features selection and parameter optimisation},
  author={Zhou, Ligang and Lai, Kin Keung and Yen, Jerome},
  journal={International Journal of Systems Science},
  volume={45},
  number={3},
  pages={241--253},
  year={2014},
  publisher={Taylor \& Francis}
}
@article{li2009gaussian,
  title={Gaussian case-based reasoning for business failure prediction with empirical data in China},
  author={Li, Hui and Sun, Jie},
  journal={Information Sciences},
  volume={179},
  number={1-2},
  pages={89--108},
  year={2009},
  publisher={Elsevier}
}

@article{shin2002genetic,
  title={A genetic algorithm application in bankruptcy prediction modeling},
  author={Shin, Kyung-Shik and Lee, Yong-Joo},
  journal={Expert Systems with Applications},
  volume={23},
  number={3},
  pages={321--328},
  year={2002},
  publisher={Elsevier}
}

@article{nakamura2006japanese,
  title={Japanese corporate governance practices in the post-bubble era: Implications of institutional and legal reforms in the 1990s and early 2000s},
  author={Nakamura, Masao},
  journal={International Journal of Disclosure and Governance},
  volume={3},
  number={3},
  pages={233--261},
  year={2006},
  publisher={Springer}
}

@article{xu2009bankruptcy,
  title={Bankruptcy prediction: the case of Japanese listed companies},
  author={Xu, Ming and Zhang, Chu},
  journal={Review of accounting studies},
  volume={14},
  number={4},
  pages={534--558},
  year={2009},
  publisher={Springer}
}

@article{beaver1967financial,
  title={Financial Ratios Predictors of Financial Distress},
  author={Beaver, W},
  journal={Journal of Accounting Research},
  pages={70--112},
  year={1967}
}

@book{breiman2017classification,
  title={Classification and regression trees},
  author={Breiman, Leo},
  year={2017},
  publisher={Routledge}
}

@inproceedings{krizhevsky2012imagenet,
  title={Imagenet classification with deep convolutional neural networks},
  author={Krizhevsky, Alex and Sutskever, Ilya and Hinton, Geoffrey E},
  booktitle={Advances in neural information processing systems},
  pages={1097--1105},
  year={2012}
}
@book{kuhn2013applied,
  title={Applied predictive modeling},
  author={Kuhn, Max and Johnson, Kjell},
  volume={26},
  year={2013},
  publisher={Springer}
}
@article{tanaka2017forecasting,
  title={Forecasting the Vulnerability of Industrial Economic Activities: Predicting the Bankruptcy of Companies},
  author={Tanaka, Katsuyuki and Higashide, Takuo and Kinkyo, Takuji and Hamori, Shigeyuki},
  journal={Journal of Management Information and Decision Sciences},
  year={2017},
  publisher={Allied Business Academies}
}


@online{japan bankruptcies_2020,
  author = {Trading Economics},
  title = {Japan Bankruptcy},
  year = 2020,
  url = {https://tradingeconomics.com/japan/bankruptcies},
  urldate = {2020-01-16}
}

@article{triveniimage,
  title={Image Enhancement and Feature Extraction Based on Low--Resolution Satellite Data},
  author={Triveni, Mrs Sariraju and Rao, D Subba}
}

@article{fawcett2006introduction,
  title={An introduction to ROC analysis},
  author={Fawcett, Tom},
  journal={Pattern recognition letters},
  volume={27},
  number={8},
  pages={861--874},
  year={2006},
  publisher={Elsevier}
}

@book{hosmer2013applied,
  title={Applied logistic regression},
  author={Hosmer Jr, David W and Lemeshow, Stanley and Sturdivant, Rodney X},
  volume={398},
  year={2013},
  publisher={John Wiley \& Sons}
}
@article{ding2012class,
  title={A class of discrete transformation survival models with application to default probability prediction},
  author={Ding, A Adam and Tian, Shaonan and Yu, Yan and Guo, Hui},
  journal={Journal of the American Statistical Association},
  volume={107},
  number={499},
  pages={990--1003},
  year={2012},
  publisher={Taylor \& Francis Group}
}


@article{marais1984experimental,
  title={The experimental design of classification models: An application of recursive partitioning and bootstrapping to commercial bank loan classifications},
  author={Marais, M Laurentius and Patell, James M and Wolfson, Mark A},
  journal={Journal of accounting Research},
  pages={87--114},
  year={1984},
  publisher={JSTOR}
}

@article{frydman1985introducing,
  title={Introducing recursive partitioning for financial classification: the case of financial distress},
  author={Frydman, Halina and Altman, Edward I and Kao, Duen-Li},
  journal={The Journal of Finance},
  volume={40},
  number={1},
  pages={269--291},
  year={1985},
  publisher={Wiley Online Library}
}
@article{geng2015prediction,
  title={Prediction of financial distress: An empirical study of listed Chinese companies using data mining},
  author={Geng, Ruibin and Bose, Indranil and Chen, Xi},
  journal={European Journal of Operational Research},
  volume={241},
  number={1},
  pages={236--247},
  year={2015},
  publisher={Elsevier}
}

@article{sueyoshi2009dea,
  title={DEA--DA for bankruptcy-based performance assessment: Misclassification analysis of Japanese construction industry},
  author={Sueyoshi, Toshiyuki and Goto, Mika},
  journal={European Journal of Operational Research},
  volume={199},
  number={2},
  pages={576--594},
  year={2009},
  publisher={Elsevier}
}
@article{li2009hybridizing,
  title={Hybridizing principles of the Electre method with case-based reasoning for data mining: Electre-CBR-I and Electre-CBR-II},
  author={Li, Hui and Sun, Jie},
  journal={European Journal of Operational Research},
  volume={197},
  number={1},
  pages={214--224},
  year={2009},
  publisher={Elsevier}
}

@article{wanke2015financial,
  title={Financial distress drivers in Brazilian banks: A dynamic slacks approach},
  author={Wanke, Peter and Barros, Carlos P and Faria, Jo{\~a}o R},
  journal={European Journal of Operational Research},
  volume={240},
  number={1},
  pages={258--268},
  year={2015},
  publisher={Elsevier}
}

@article{du2015bankruptcy,
  title={Bankruptcy prediction using terminal failure processes},
  author={Du Jardin, Philippe},
  journal={European Journal of Operational Research},
  volume={242},
  number={1},
  pages={286--303},
  year={2015},
  publisher={Elsevier}
}

@article{du2016two,
  title={A two-stage classification technique for bankruptcy prediction},
  author={du Jardin, Philippe},
  journal={European Journal of Operational Research},
  volume={254},
  number={1},
  pages={236--252},
  year={2016},
  publisher={Elsevier}
}

@article{doumpos2017corporate,
  title={Corporate failure prediction in the European energy sector: A multicriteria approach and the effect of country characteristics},
  author={Doumpos, Michalis and Andriosopoulos, Kostas and Galariotis, Emilios and Makridou, Georgia and Zopounidis, Constantin},
  journal={European Journal of Operational Research},
  volume={262},
  number={1},
  pages={347--360},
  year={2017},
  publisher={Elsevier}
}

@article{liang2016financial,
  title={Financial ratios and corporate governance indicators in bankruptcy prediction: A comprehensive study},
  author={Liang, Deron and Lu, Chia-Chi and Tsai, Chih-Fong and Shih, Guan-An},
  journal={European Journal of Operational Research},
  volume={252},
  number={2},
  pages={561--572},
  year={2016},
  publisher={Elsevier}
}
@article{calabrese2017effectiveness,
  title={The effectiveness of TARP-CPP on the US banking industry: A new copula-based approach},
  author={Calabrese, Raffaella and Degl’Innocenti, Marta and Osmetti, Silvia Angela},
  journal={European Journal of Operational Research},
  volume={256},
  number={3},
  pages={1029--1037},
  year={2017},
  publisher={Elsevier}
}

@article{olson2012comparative,
  title={Comparative analysis of data mining methods for bankruptcy prediction},
  author={Olson, David L and Delen, Dursun and Meng, Yanyan},
  journal={Decision Support Systems},
  volume={52},
  number={2},
  pages={464--473},
  year={2012},
  publisher={Elsevier}
}

@article{serrano2013partial,
  title={Partial least square discriminant analysis for bankruptcy prediction},
  author={Serrano-Cinca, Carlos and Guti{\'e}Rrez-Nieto, Bego{\~n}A},
  journal={Decision support systems},
  volume={54},
  number={3},
  pages={1245--1255},
  year={2013},
  publisher={Elsevier}
}

@article{ioannidis2010assessing,
  title={Assessing bank soundness with classification techniques},
  author={Ioannidis, Christos and Pasiouras, Fotios and Zopounidis, Constantin},
  journal={Omega},
  volume={38},
  number={5},
  pages={345--357},
  year={2010},
  publisher={Elsevier}
}

@book{shailer2004introduction,
  title={An introduction to corporate governance in Australia},
  author={Shailer, Gregory EP},
  year={2004},
  publisher={Pearson Education Australia}
}
@article{chen2014financial,
  title={Financial crisis and the dynamics of corporate governance: Evidence from Taiwan's listed firms},
  author={Chen, I-Ju},
  journal={International Review of Economics \& Finance},
  volume={32},
  pages={3--28},
  year={2014},
  publisher={Elsevier}
}
@article{lee2004corporate,
  title={Corporate governance and financial distress: Evidence from Taiwan},
  author={Lee, Tsun-Siou and Yeh, Yin-Hua},
  journal={Corporate governance: An international review},
  volume={12},
  number={3},
  pages={378--388},
  year={2004},
  publisher={Wiley Online Library}
}
@article{TIAN2017510,
title = "Financial ratios and bankruptcy predictions: An international evidence",
journal = "International Review of Economics & Finance",
volume = "51",
pages = "510 - 526",
year = "2017",
issn = "1059-0560",
doi = "https://doi.org/10.1016/j.iref.2017.07.025",
url = "http://www.sciencedirect.com/science/article/pii/S1059056017305348",
author = "Shaonan Tian and Yan Yu",
keywords = "Default prediction, Global market, Hazard model, Japan bankruptcy, LASSO, Model selection",
}
@article{kumar2007bankruptcy,
  title={Bankruptcy prediction in banks and firms via statistical and intelligent techniques--A review},
  author={Kumar, P Ravi and Ravi, Vadlamani},
  journal={European journal of operational research},
  volume={180},
  number={1},
  pages={1--28},
  year={2007},
  publisher={Elsevier}
}

@inproceedings{baek2003bankruptcy,
  title={Bankruptcy prediction for credit risk using an auto-associative neural network in Korean firms},
  author={Baek, Jinwoo and Cho, Sungzoon},
  booktitle={2003 IEEE International Conference on Computational Intelligence for Financial Engineering, 2003. Proceedings.},
  pages={25--29},
  year={2003},
  organization={IEEE}
}

@inproceedings{charalambous2000application,
  title={Application of feature extractive algorithm to bankruptcy prediction},
  author={Charalambous, Chris and Charitou, Andreas and Kaourou, Froso},
  booktitle={Proceedings of the IEEE-INNS-ENNS International Joint Conference on Neural Networks. IJCNN 2000. Neural Computing: New Challenges and Perspectives for the New Millennium},
  volume={5},
  pages={303--308},
  year={2000},
  organization={IEEE}
}

@article{chandra2010support,
  title={Support vector machine and wavelet neural network hybrid: application to bankruptcy prediction in banks},
  author={Chandra, Devulapalli Karthik and Ravi, Vadlamani and Ravisankar, Pediredla},
  journal={International Journal of Data Mining, Modelling and Management},
  volume={2},
  number={1},
  pages={1--21},
  year={2010},
  publisher={Inderscience Publishers}
}

@article{verikas2010hybrid,
  title={Hybrid and ensemble-based soft computing techniques in bankruptcy prediction: a survey},
  author={Verikas, Antanas and Kalsyte, Zivile and Bacauskiene, Marija and Gelzinis, Adas},
  journal={Soft Computing},
  volume={14},
  number={9},
  pages={995--1010},
  year={2010},
  publisher={Springer}
}

@article{lin2009applying,
  title={Applying enhanced data mining approaches in predicting bank performance: A case of Taiwanese commercial banks},
  author={Lin, Shih-Wei and Shiue, Yeou-Ren and Chen, Shih-Chi and Cheng, Hui-Miao},
  journal={Expert Systems with Applications},
  volume={36},
  number={9},
  pages={11543--11551},
  year={2009},
  publisher={Elsevier}
}

@inproceedings{huang2008novel,
  title={A novel fitness function in genetic algorithms to optimize neural networks for imbalanced data sets},
  author={Huang, Kuan-Chieh and Kuo, Yau-Hwang and Yeh, I-Cheng},
  booktitle={2008 Eighth International Conference on Intelligent Systems Design and Applications},
  volume={2},
  pages={647--650},
  year={2008},
  organization={IEEE}
}

@article{min2011tuning,
  title={Tuning the architecture of support vector machine: the case of bankruptcy prediction},
  author={Min, Jae-H and Jeong, Chul-Woo and Kim, Myung-Suk},
  journal={Management Science and Financial Engineering},
  volume={17},
  number={1},
  pages={19--43},
  year={2011},
  publisher={The Korean Operations and Management Science Society}
}

@inproceedings{chen2009bankruptcy,
  title={Bankruptcy Prediction based on Independent Component Analysis.},
  author={Chen, Ning and Vieira, Armando},
  booktitle={ICAART},
  pages={150--155},
  year={2009}
}

@article{cao2012aggregating,
  title={Aggregating multiple classification results using Choquet integral for financial distress early warning},
  author={Cao, Yu},
  journal={Expert Systems with Applications},
  volume={39},
  number={2},
  pages={1830--1836},
  year={2012},
  publisher={Elsevier}
}

@article{crone2006impact,
  title={The impact of preprocessing on data mining: An evaluation of classifier sensitivity in direct marketing},
  author={Crone, Sven F and Lessmann, Stefan and Stahlbock, Robert},
  journal={European Journal of Operational Research},
  volume={173},
  number={3},
  pages={781--800},
  year={2006},
  publisher={Elsevier}
}

@article{garcia2019exploring,
  title={Exploring the synergetic effects of sample types on the performance of ensembles for credit risk and corporate bankruptcy prediction},
  author={Garc{\'\i}a, Vicente and Marqu{\'e}s, Ana I and S{\'a}nchez, J Salvador},
  journal={Information Fusion},
  volume={47},
  pages={88--101},
  year={2019},
  publisher={Elsevier}
}
@article{kirasich2018random,
  title={Random Forest vs Logistic Regression: Binary Classification for Heterogeneous Datasets},
  author={Kirasich, Kaitlin and Smith, Trace and Sadler, Bivin},
  journal={SMU Data Science Review},
  volume={1},
  number={3},
  pages={9},
  year={2018}
}

@article{quinlan1987simplifying,
  title={Simplifying decision trees},
  author={Quinlan, J Ross},
  journal={International journal of man-machine studies},
  volume={27},
  number={3},
  pages={221--234},
  year={1987},
  publisher={Elsevier}
}

@article{quinlan1986induction,
  title={Induction of decision trees},
  author={Quinlan, J. Ross},
  journal={Machine learning},
  volume={1},
  number={1},
  pages={81--106},
  year={1986},
  publisher={Springer}
}

@article{chawla2002smote,
  title={SMOTE: synthetic minority over-sampling technique},
  author={Chawla, Nitesh V and Bowyer, Kevin W and Hall, Lawrence O and Kegelmeyer, W Philip},
  journal={Journal of artificial intelligence research},
  volume={16},
  pages={321--357},
  year={2002}
}
@inproceedings{chen2016xgboost,
  title={Xgboost: A scalable tree boosting system},
  author={Chen, Tianqi and Guestrin, Carlos},
  booktitle={Proceedings of the 22nd acm sigkdd international conference on knowledge discovery and data mining},
  pages={785--794},
  year={2016}
}

@article{azur2011multiple,
  title={Multiple imputation by chained equations: what is it and how does it work?},
  author={Azur, Melissa J and Stuart, Elizabeth A and Frangakis, Constantine and Leaf, Philip J},
  journal={International journal of methods in psychiatric research},
  volume={20},
  number={1},
  pages={40--49},
  year={2011},
  publisher={Wiley Online Library}
}

@article{wulff2017multiple,
  title={Multiple Imputation by Chained Equations in Praxis: Guidelines and Review.},
  author={Wulff, Jesper N and Ejlskov, Linda},
  journal={Electronic Journal of Business Research Methods},
  volume={15},
  number={1},
  year={2017}
}

@article{barnard1999miscellanea,
  title={Miscellanea. Small-sample degrees of freedom with multiple imputation},
  author={Barnard, John and Rubin, Donald B},
  journal={Biometrika},
  volume={86},
  number={4},
  pages={948--955},
  year={1999},
  publisher={Oxford University Press}
}

@article{musil2002comparison,
  title={A comparison of imputation techniques for handling missing data},
  author={Musil, Carol M and Warner, Camille B and Yobas, Piyanee Klainin and Jones, Susan L},
  journal={Western Journal of Nursing Research},
  volume={24},
  number={7},
  pages={815--829},
  year={2002},
  publisher={Sage Publications Sage CA: Thousand Oaks, CA}
}

@article{ambler2007comparison,
  title={A comparison of imputation techniques for handling missing predictor values in a risk model with a binary outcome},
  author={Ambler, Gareth and Omar, Rumana Z and Royston, Patrick},
  journal={Statistical methods in medical research},
  volume={16},
  number={3},
  pages={277--298},
  year={2007},
  publisher={Sage Publications Sage UK: London, England}
}

@article{shrive2006dealing,
  title={Dealing with missing data in a multi-question depression scale: a comparison of imputation methods},
  author={Shrive, Fiona M and Stuart, Heather and Quan, Hude and Ghali, William A},
  journal={BMC medical research methodology},
  volume={6},
  number={1},
  pages={57},
  year={2006},
  publisher={Springer}
}

@article{chen2015xgboost,
  title={Xgboost: extreme gradient boosting},
  author={Chen, Tianqi and He, Tong and Benesty, Michael and Khotilovich, Vadim and Tang, Yuan},
  journal={R package version 0.4-2},
  pages={1--4},
  year={2015}
}

@article{sewell2008ensemble,
  title={Ensemble learning},
  author={Sewell, Martin},
  journal={RN},
  volume={11},
  number={02},
  year={2008}
}

@inproceedings{blaszczynski2017actively,
  title={Actively balanced bagging for imbalanced data},
  author={B{\l}aszczy{\'n}ski, Jerzy and Stefanowski, Jerzy},
  booktitle={International Symposium on Methodologies for Intelligent Systems},
  pages={271--281},
  year={2017},
  organization={Springer}
}

}
@article{agresti2005bayesian,
  title={Bayesian inference for categorical data analysis},
  author={Agresti, Alan and Hitchcock, David B},
  journal={Statistical Methods and Applications},
  volume={14},
  number={3},
  pages={297--330},
  year={2005},
  publisher={Springer}
}

@article{dietterich2000experimental,
  title={An experimental comparison of three methods for constructing ensembles of decision trees: Bagging, boosting, and randomization},
  author={Dietterich, Thomas G},
  journal={Machine learning},
  volume={40},
  number={2},
  pages={139--157},
  year={2000},
  publisher={Springer}
}

@article{brown2012experimental,
  title={An experimental comparison of classification algorithms for imbalanced credit scoring data sets},
  author={Brown, Iain and Mues, Christophe},
  journal={Expert Systems with Applications},
  volume={39},
  number={3},
  pages={3446--3453},
  year={2012},
  publisher={Elsevier}
}

@inproceedings{bosch2007image,
  title={Image classification using random forests and ferns},
  author={Bosch, Anna and Zisserman, Andrew and Munoz, Xavier},
  booktitle={2007 IEEE 11th international conference on computer vision},
  pages={1--8},
  year={2007},
  organization={Ieee}
}

@inproceedings{inproceedings,
author = {Oshiro, Thais and Perez, Pedro and Baranauskas, José},
year = {2012},
month = {07},
pages = {},
title = {How Many Trees in a Random Forest?},
volume = {7376},
journal = {Lecture notes in computer science},
doi = {10.1007/978-3-642-31537-4_13}
}

@article{stock2007has,
  title={Why has US inflation become harder to forecast?},
  author={Stock, James H and Watson, Mark W},
  journal={Journal of Money, Credit and banking},
  volume={39},
  pages={3--33},
  year={2007},
  publisher={Wiley Online Library}
}


@article{molodtsova2009out,
  title={Out-of-sample exchange rate predictability with Taylor rule fundamentals},
  author={Molodtsova, Tanya and Papell, David H},
  journal={Journal of international economics},
  volume={77},
  number={2},
  pages={167--180},
  year={2009},
  publisher={Elsevier}
}

@article{matsunaga2019exploring,
  title={Exploring Graph Neural Networks for Stock Market Predictions with Rolling Window Analysis},
  author={Matsunaga, Daiki and Suzumura, Toyotaro and Takahashi, Toshihiro},
  journal={arXiv preprint arXiv:1909.10660},
  year={2019}
}
@article{li2019dp,
  title={DP-LSTM: Differential Privacy-inspired LSTM for Stock Prediction Using Financial News},
  author={Li, Xinyi and Li, Yinchuan and Yang, Hongyang and Yang, Liuqing and Liu, Xiao-Yang},
  journal={arXiv preprint arXiv:1912.10806},
  year={2019}
}
@article{huang2012dynamic,
  title={Dynamic Modeling on Credit Risk Evaluation with Fixed Time Window and Imbalanced Ensemble of Support Vector Machine},
  author={Huang, Qing-Hua and Sun, Jie and Mao, Wei-Dong},
  journal={Recent Patents on Computer Science},
  volume={5},
  number={1},
  pages={51--58},
  year={2012},
  publisher={Bentham Science Publishers}
}
@article{schlimmer1986incremental,
  title={Incremental learning from noisy data},
  author={Schlimmer, Jeffrey C and Granger, Richard H},
  journal={Machine learning},
  volume={1},
  number={3},
  pages={317--354},
  year={1986},
  publisher={Springer}
}

@article{widmer1996learning,
  title={Learning in the presence of concept drift and hidden contexts},
  author={Widmer, Gerhard and Kubat, Miroslav},
  journal={Machine learning},
  volume={23},
  number={1},
  pages={69--101},
  year={1996},
  publisher={Springer}
}

@article{sun2010dynamic,
  title={Dynamic Financial Distress Prediction Modeling Based on Rolling Time Window Support Vector Machine [J]},
  author={SUN, Jie and LI, Hui and HAN, Jian-guang},
  journal={Journal of Industrial Engineering and Engineering Management},
  volume={4},
  year={2010}
}
@article{tian2017financial,
  title={Financial ratios and bankruptcy predictions: An international evidence},
  author={Tian, Shaonan and Yu, Yan},
  journal={International Review of Economics \& Finance},
  volume={51},
  pages={510--526},
  year={2017},
  publisher={Elsevier}
}

@article{hardle2009variable,
  title={Variable selection and oversampling in the use of smooth support vector machines for predicting the default risk of companies},
  author={H{\"a}rdle, Wolfgang and Lee, Yuh-Jye and Sch{\"a}fer, Dorothea and Yeh, Yi-Ren},
  journal={Journal of Forecasting},
  volume={28},
  number={6},
  pages={512--534},
  year={2009},
  publisher={Wiley Online Library}
}

@article{beaver2005have,
  title={Have financial statements become less informative? Evidence from the ability of financial ratios to predict bankruptcy},
  author={Beaver, William H and McNichols, Maureen F and Rhie, Jung-Wu},
  journal={Review of Accounting studies},
  volume={10},
  number={1},
  pages={93--122},
  year={2005},
  publisher={Springer}
}

@article{tian2015variable,
  title={Variable selection and corporate bankruptcy forecasts},
  author={Tian, Shaonan and Yu, Yan and Guo, Hui},
  journal={Journal of Banking \& Finance},
  volume={52},
  pages={89--100},
  year={2015},
  publisher={Elsevier}
}
@article{hosaka2019bankruptcy,
  title={Bankruptcy prediction using imaged financial ratios and convolutional neural networks},
  author={Hosaka, Tadaaki},
  journal={Expert systems with Applications},
  volume={117},
  pages={287--299},
  year={2019},
  publisher={Elsevier}
}
@Inbook{Wang2013,
author="Wang, Haiying
and Zheng, Huiru",
editor="Dubitzky, Werner
and Wolkenhauer, Olaf
and Cho, Kwang-Hyun
and Yokota, Hiroki",
title="Model Validation, Machine Learning",
bookTitle="Encyclopedia of Systems Biology",
year="2013",
publisher="Springer New York",
address="New York, NY",
pages="1406--1407",
isbn="978-1-4419-9863-7",
doi="10.1007/978-1-4419-9863-7_233",
url="https://doi.org/10.1007/978-1-4419-9863-7_233"
}

@article{sinkey1975multivariate,
  title={A multivariate statistical analysis of the characteristics of problem banks},
  author={Sinkey Jr, Joseph F},
  journal={The Journal of Finance},
  volume={30},
  number={1},
  pages={21--36},
  year={1975},
  publisher={Wiley Online Library}
}

@article{bradley1997use,
  title={The use of the area under the ROC curve in the evaluation of machine learning algorithms},
  author={Bradley, Andrew P},
  journal={Pattern recognition},
  volume={30},
  number={7},
  pages={1145--1159},
  year={1997}
}
@inproceedings{vihinen2012evaluate,
  title={How to evaluate performance of prediction methods? Measures and their interpretation in variation effect analysis},
  author={Vihinen, Mauno},
  booktitle={BMC genomics},
  volume={13},
  number={4},
  pages={S2},
  year={2012},
  organization={BioMed Central}
}

@article{guyon2002gene,
  title={Gene selection for cancer classification using support vector machines},
  author={Guyon, Isabelle and Weston, Jason and Barnhill, Stephen and Vapnik, Vladimir},
  journal={Machine learning},
  volume={46},
  number={1-3},
  pages={389--422},
  year={2002},
  publisher={Springer}
}

@inproceedings{jin2006machine,
  title={Machine learning techniques and chi-square feature selection for cancer classification using SAGE gene expression profiles},
  author={Jin, Xin and Xu, Anbang and Bie, Rongfang and Guo, Ping},
  booktitle={International Workshop on Data Mining for Biomedical Applications},
  pages={106--115},
  year={2006},
  organization={Springer}
}

@article{zikeba2016ensemble,
  title={Ensemble boosted trees with synthetic features generation in application to bankruptcy prediction},
  author={Zi{\k{e}}ba, Maciej and Tomczak, Sebastian K and Tomczak, Jakub M},
  journal={Expert Systems with Applications},
  volume={58},
  pages={93--101},
  year={2016},
  publisher={Elsevier}
}
@article{breiman1996bagging,
  title={Bagging predictors},
  author={Breiman, Leo},
  journal={Machine learning},
  volume={24},
  number={2},
  pages={123--140},
  year={1996},
  publisher={Springer}
}
@article{figini2016corporate,
  title={Corporate default prediction model averaging: a normative linear pooling approach},
  author={Figini, Silvia and Savona, Roberto and Vezzoli, Marika},
  journal={Intelligent Systems in Accounting, Finance and Management},
  volume={23},
  number={1-2},
  pages={6--20},
  year={2016},
  publisher={Wiley Online Library}
}

@article{paleologo2010subagging,
  title={Subagging for credit scoring models},
  author={Paleologo, Giuseppe and Elisseeff, Andr{\'e} and Antonini, Gianluca},
  journal={European Journal of Operational Research},
  volume={201},
  number={2},
  pages={490--499},
  year={2010},
  publisher={Elsevier}
}

@article{xia2017boosted,
  title={A boosted decision tree approach using Bayesian hyper-parameter optimization for credit scoring},
  author={Xia, Yufei and Liu, Chuanzhe and Li, YuYing and Liu, Nana},
  journal={Expert Systems with Applications},
  volume={78},
  pages={225--241},
  year={2017},
  publisher={Elsevier}
}


@article{wang2019xgboost,
  title={A XGBoost risk model via feature selection and Bayesian hyper-parameter optimization},
  author={Wang, Yan and Ni, Xuelei Sherry},
  journal={arXiv preprint arXiv:1901.08433},
  year={2019}
}

@article{nanni2009experimental,
  title={An experimental comparison of ensemble of classifiers for bankruptcy prediction and credit scoring},
  author={Nanni, Loris and Lumini, Alessandra},
  journal={Expert systems with applications},
  volume={36},
  number={2},
  pages={3028--3033},
  year={2009},
  publisher={Elsevier}
}
@article{alfaro2008bankruptcy,
  title={Bankruptcy forecasting: An empirical comparison of AdaBoost and neural networks},
  author={Alfaro, Esteban and Garc{\'\i}a, Noelia and G{\'a}mez, Mat{\'\i}as and Elizondo, David},
  journal={Decision Support Systems},
  volume={45},
  number={1},
  pages={110--122},
  year={2008},
  publisher={Elsevier}
}

@book{little2019statistical,
  title={Statistical analysis with missing data},
  author={Little, Roderick JA and Rubin, Donald B},
  volume={793},
  year={2019},
  publisher={John Wiley \& Sons}
}

@article{little2012prevention,
  title={The prevention and treatment of missing data in clinical trials},
  author={Little, Roderick J and D'Agostino, Ralph and Cohen, Michael L and Dickersin, Kay and Emerson, Scott S and Farrar, John T and Frangakis, Constantine and Hogan, Joseph W and Molenberghs, Geert and Murphy, Susan A and others},
  journal={New England Journal of Medicine},
  volume={367},
  number={14},
  pages={1355--1360},
  year={2012},
  publisher={Mass Medical Soc}
}

@article{sterne2009multiple,
  title={Multiple imputation for missing data in epidemiological and clinical research: potential and pitfalls},
  author={Sterne, Jonathan AC and White, Ian R and Carlin, John B and Spratt, Michael and Royston, Patrick and Kenward, Michael G and Wood, Angela M and Carpenter, James R},
  journal={Bmj},
  volume={338},
  pages={b2393},
  year={2009},
  publisher={British Medical Journal Publishing Group}
}

@article{dziura2013strategies,
  title={Strategies for dealing with missing data in clinical trials: from design to analysis},
  author={Dziura, James D and Post, Lori A and Zhao, Qing and Fu, Zhixuan and Peduzzi, Peter},
  journal={The Yale journal of biology and medicine},
  volume={86},
  number={3},
  pages={343},
  year={2013},
  publisher={Yale Journal of Biology and Medicine}
}
@article{lensberg2006bankruptcy,
  title={Bankruptcy theory development and classification via genetic programming},
  author={Lensberg, Terje and Eilifsen, Aasmund and McKee, Thomas E},
  journal={European Journal of operational research},
  volume={169},
  number={2},
  pages={677--697},
  year={2006},
  publisher={Elsevier}
}


@inproceedings{perrone1994putting,
  title={Putting it all together: Methods for combining neural networks},
  author={Perrone, Michael P},
  booktitle={Advances in neural information processing systems},
  pages={1188--1189},
  year={1994}
}

@article{schapire1990strength,
  title={The strength of weak learnability},
  author={Schapire, Robert E},
  journal={Machine learning},
  volume={5},
  number={2},
  pages={197--227},
  year={1990},
  publisher={Springer}
}
@inproceedings{freund1996experiments,
  title={Experiments with a new boosting algorithm},
  author={Freund, Yoav and Schapire, Robert E and others},
  booktitle={icml},
  volume={96},
  pages={148--156},
  year={1996},
  organization={Citeseer}
}

@article{bauer1999empirical,
  title={An empirical comparison of voting classification algorithms: Bagging, boosting, and variants},
  author={Bauer, Eric and Kohavi, Ron},
  journal={Machine learning},
  volume={36},
  number={1-2},
  pages={105--139},
  year={1999},
  publisher={Springer}
}

@article{friedman2000additive,
  title={Additive logistic regression: a statistical view of boosting (with discussion and a rejoinder by the authors)},
  author={Friedman, Jerome and Hastie, Trevor and Tibshirani, Robert and others},
  journal={The annals of statistics},
  volume={28},
  number={2},
  pages={337--407},
  year={2000},
  publisher={Institute of Mathematical Statistics}
}
@article{cortes2007multiclass,
  title={Multiclass corporate failure prediction by Adaboost. M1},
  author={Cortes, Esteban Alfaro and Martinez, Matias Gamez and Rubio, Noelia Garc{\'\i}a},
  journal={International Advances in Economic Research},
  volume={13},
  number={3},
  pages={301--312},
  year={2007},
  publisher={Springer}
}

@article{opitz1999popular,
  title={Popular ensemble methods: An empirical study},
  author={Opitz, David and Maclin, Richard},
  journal={Journal of artificial intelligence research},
  volume={11},
  pages={169--198},
  year={1999}
}

@article{kim2010ensemble,
  title={Ensemble with neural networks for bankruptcy prediction},
  author={Kim, Myoung-Jong and Kang, Dae-Ki},
  journal={Expert systems with applications},
  volume={37},
  number={4},
  pages={3373--3379},
  year={2010},
  publisher={Elsevier}
}
@article{deakin1972discriminant,
  title={A discriminant analysis of predictors of business failure},
  author={Deakin, Edward B},
  journal={Journal of accounting research},
  pages={167--179},
  year={1972},
  publisher={JSTOR}
}

@article{edmister1972empirical,
  title={An empirical test of financial ratio analysis for small business failure prediction},
  author={Edmister, Robert O},
  journal={Journal of Financial and Quantitative analysis},
  volume={7},
  number={2},
  pages={1477--1493},
  year={1972},
  publisher={Cambridge University Press}
}

@article{atiya2001bankruptcy,
  title={Bankruptcy prediction for credit risk using neural networks: A survey and new results},
  author={Atiya, Amir F},
  journal={IEEE Transactions on neural networks},
  volume={12},
  number={4},
  pages={929--935},
  year={2001},
  publisher={IEEE}
}
@article{altman1968financial,
  title={Financial ratios, discriminant analysis and the prediction of corporate bankruptcy},
  author={Altman, Edward I},
  journal={The journal of finance},
  volume={23},
  number={4},
  pages={589--609},
  year={1968},
  publisher={Wiley Online Library}
}

@inproceedings{shirata1998financial,
  title={Financial ratios as predictors of bankruptcy in Japan: an empirical research},
  author={Shirata, Cindy Yoshiko},
  booktitle={Proceedings of the second Asian Pacific interdisciplinary research in accounting conference},
  pages={437--445},
  year={1998},
  organization={Citeseer}
}

@article{taffler1983assessment,
  title={The assessment of company solvency and performance using a statistical model},
  author={Taffler, Richard J},
  journal={Accounting and Business Research},
  volume={13},
  number={52},
  pages={295--308},
  year={1983},
  publisher={Taylor \& Francis}
}

@article{zopounidis2002multi,
  title={Multi-group discrimination using multi-criteria analysis: Illustrations from the field of finance},
  author={Zopounidis, Constantin and Doumpos, Michael},
  journal={European Journal of Operational Research},
  volume={139},
  number={2},
  pages={371--389},
  year={2002},
  publisher={Elsevier}
}

@article{west1985factor,
  title={A factor-analytic approach to bank condition},
  author={West, Robert Craig},
  journal={Journal of Banking \& Finance},
  volume={9},
  number={2},
  pages={253--266},
  year={1985},
  publisher={Elsevier}
}


@article{wang2011comparative,
  title={A comparative assessment of ensemble learning for credit scoring},
  author={Wang, Gang and Hao, Jinxing and Ma, Jian and Jiang, Hongbing},
  journal={Expert systems with applications},
  volume={38},
  number={1},
  pages={223--230},
  year={2011},
  publisher={Elsevier}
}

@article{chen2011genetic,
  title={A genetic algorithm-based approach to cost-sensitive bankruptcy prediction},
  author={Chen, Ning and Ribeiro, Bernardete and Vieira, Armando S and Duarte, Jo{\~a}o and Neves, Jo{\~a}o C},
  journal={Expert Systems with Applications},
  volume={38},
  number={10},
  pages={12939--12945},
  year={2011},
  publisher={Elsevier}
}

@article{sanchez2012hybrid,
  title={A hybrid device for the solution of sampling bias problems in the forecasting of firms’ bankruptcy},
  author={S{\'a}nchez-Lasheras, Fernando and de Andr{\'e}s, Javier and Lorca, Pedro and de Cos Juez, Francisco Javier},
  journal={Expert Systems with Applications},
  volume={39},
  number={8},
  pages={7512--7523},
  year={2012},
  publisher={Elsevier}
}
@article{duenez2013no,
  title={No free lunch and benchmarks},
  author={Du{\'e}{\~n}ez-Guzm{\'a}n, Edgar A and Vose, Michael D},
  journal={Evolutionary Computation},
  volume={21},
  number={2},
  pages={293--312},
  year={2013},
  publisher={MIT Press}
}

@inproceedings{deligianni2012forecasting,
  title={Forecasting corporate bankruptcy with an ensemble of classifiers},
  author={Deligianni, Despina and Kotsiantis, Sotiris},
  booktitle={Hellenic Conference on Artificial Intelligence},
  pages={65--72},
  year={2012},
  organization={Springer}
}
@article{sun2012financial,
  title={Financial distress prediction using support vector machines: Ensemble vs. individual},
  author={Sun, Jie and Li, Hui},
  journal={Applied Soft Computing},
  volume={12},
  number={8},
  pages={2254--2265},
  year={2012},
  publisher={Elsevier}
}

@incollection{pluto2011estimating,
  title={Estimating probabilities of default for low default portfolios},
  author={Pluto, Katja and Tasche, Dirk},
  booktitle={The Basel II Risk Parameters},
  pages={75--101},
  year={2011},
  publisher={Springer}
}
@article{duenez2013no,
  title={No free lunch and benchmarks},
  author={Du{\'e}{\~n}ez-Guzm{\'a}n, Edgar A and Vose, Michael D},
  journal={Evolutionary Computation},
  volume={21},
  number={2},
  pages={293--312},
  year={2013},
  publisher={MIT Press}
}

@inproceedings{deligianni2012forecasting,
  title={Forecasting corporate bankruptcy with an ensemble of classifiers},
  author={Deligianni, Despina and Kotsiantis, Sotiris},
  booktitle={Hellenic Conference on Artificial Intelligence},
  pages={65--72},
  year={2012},
  organization={Springer}
}
@article{sun2012financial,
  title={Financial distress prediction using support vector machines: Ensemble vs. individual},
  author={Sun, Jie and Li, Hui},
  journal={Applied Soft Computing},
  volume={12},
  number={8},
  pages={2254--2265},
  year={2012},
  publisher={Elsevier}
}

@article{sun2012financial,
  title={Financial distress prediction using support vector machines: Ensemble vs. individual},
  author={Sun, Jie and Li, Hui},
  journal={Applied Soft Computing},
  volume={12},
  number={8},
  pages={2254--2265},
  year={2012},
  publisher={Elsevier}
}

@article{alfaro2008bankruptcy,
  title={Bankruptcy forecasting: An empirical comparison of AdaBoost and neural networks},
  author={Alfaro, Esteban and Garc{\'\i}a, Noelia and G{\'a}mez, Mat{\'\i}as and Elizondo, David},
  journal={Decision Support Systems},
  volume={45},
  number={1},
  pages={110--122},
  year={2008},
  publisher={Elsevier}
}

@article{doumpos2007model,
  title={Model combination for credit risk assessment: A stacked generalization approach},
  author={Doumpos, Michael and Zopounidis, Constantin},
  journal={Annals of Operations Research},
  volume={151},
  number={1},
  pages={289--306},
  year={2007},
  publisher={Springer}
}

@article{west2005neural,
  title={Neural network ensemble strategies for financial decision applications},
  author={West, David and Dellana, Scott and Qian, Jingxia},
  journal={Computers \& operations research},
  volume={32},
  number={10},
  pages={2543--2559},
  year={2005},
  publisher={Elsevier}
}

@article{le2018cluster,
  title={A cluster-based boosting algorithm for bankruptcy prediction in a highly imbalanced dataset},
  author={Le, Tuong and Le Son, Hoang and Vo, Minh Thanh and Lee, Mi Young and Baik, Sung Wook and others},
  journal={Symmetry},
  volume={10},
  number={7},
  pages={250},
  year={2018},
  publisher={Multidisciplinary Digital Publishing Institute}
}

@article{tsai2014comparative,
  title={A comparative study of classifier ensembles for bankruptcy prediction},
  author={Tsai, Chih-Fong and Hsu, Yu-Feng and Yen, David C},
  journal={Applied Soft Computing},
  volume={24},
  pages={977--984},
  year={2014},
  publisher={Elsevier}
}

@article{yeh2014going,
  title={Going-concern prediction using hybrid random forests and rough set approach},
  author={Yeh, Ching-Chiang and Chi, Der-Jang and Lin, Yi-Rong},
  journal={Information Sciences},
  volume={254},
  pages={98--110},
  year={2014},
  publisher={Elsevier}
}

@article{orimoloye2020comparing,
  title={Comparing the effectiveness of deep feedforward neural networks and shallow architectures for predicting stock price indices},
  author={Orimoloye, Larry Olanrewaju and Sung, Ming-Chien and Ma, Tiejun and Johnson, Johnnie EV},
  journal={Expert Systems with Applications},
  volume={139},
  pages={112828},
  year={2020},
  publisher={Elsevier}
}

@article{shi2019overview,
  title={An overview of bankruptcy prediction models for corporate firms: A Systematic literature review},
  author={Shi, Yin and Li, Xiaoni},
  journal={Intangible Capital},
  volume={15},
  number={2},
  pages={114--127},
  year={2019}
}
@article{kang2013prevention,
  title={The prevention and handling of the missing data},
  author={Kang, Hyun},
  journal={Korean journal of anesthesiology},
  volume={64},
  number={5},
  pages={402},
  year={2013},
  publisher={Korean Society of Anesthesiologists}
}
@article{tinoco2013financial,
  title={Financial distress and bankruptcy prediction among listed companies using accounting, market and macroeconomic variables},
  author={Tinoco, Mario Hernandez and Wilson, Nick},
  journal={International Review of Financial Analysis},
  volume={30},
  pages={394--419},
  year={2013},
  publisher={Elsevier}
}

@article{dyer2017evolution,
  title={The evolution of 10-K textual disclosure: Evidence from Latent Dirichlet Allocation},
  author={Dyer, Travis and Lang, Mark and Stice-Lawrence, Lorien},
  journal={Journal of Accounting and Economics},
  volume={64},
  number={2-3},
  pages={221--245},
  year={2017},
  publisher={Elsevier}
}
@article{quinlan1986induction,
  title={Induction of decision trees},
  author={Quinlan, J. Ross},
  journal={Machine learning},
  volume={1},
  number={1},
  pages={81--106},
  year={1986},
  publisher={Springer}
}
@article{chen2020ensemble,
  title={Ensemble learning with label proportions for bankruptcy prediction},
  author={Chen, Zhensong and Chen, Wei and Shi, Yong},
  journal={Expert Systems with Applications},
  volume={146},
  pages={113155},
  year={2020},
  publisher={Elsevier}
}

@article{cao2013integrated,
  title={Integrated oversampling for imbalanced time series classification},
  author={Cao, Hong and Li, Xiao-Li and Woon, David Yew-Kwong and Ng, See-Kiong},
  journal={IEEE Transactions on Knowledge and Data Engineering},
  volume={25},
  number={12},
  pages={2809--2822},
  year={2013},
  publisher={IEEE}
}
@article{agyenim2017role,
  title={The role of structure in manipulating PPP accountability},
  author={Agyenim-Boateng, Cletus and Stafford, Anne and Stapleton, Pamela},
  journal={Accounting, Auditing \& Accountability Journal},
  year={2017},
  publisher={Emerald Publishing Limited}
}